%YAML 1.1
%TAG !u! tag:unity3d.com,2011:
--- !u!1 &4337506434730850338
GameObject:
  m_ObjectHideFlags: 0
  m_CorrespondingSourceObject: {fileID: 0}
  m_PrefabInstance: {fileID: 0}
  m_PrefabAsset: {fileID: 0}
  serializedVersion: 6
  m_Component:
  - component: {fileID: 4337506434730850339}
  - component: {fileID: 4337506434730850335}
  - component: {fileID: 4337506434730850334}
  - component: {fileID: 4337506434730850336}
  - component: {fileID: 8025435749880028934}
  - component: {fileID: -2696438512190034374}
  m_Layer: 5
  m_Name: Hokkaidou
  m_TagString: Untagged
  m_Icon: {fileID: 0}
  m_NavMeshLayer: 0
  m_StaticEditorFlags: 0
  m_IsActive: 1
--- !u!224 &4337506434730850339
RectTransform:
  m_ObjectHideFlags: 0
  m_CorrespondingSourceObject: {fileID: 0}
  m_PrefabInstance: {fileID: 0}
  m_PrefabAsset: {fileID: 0}
  m_GameObject: {fileID: 4337506434730850338}
  m_LocalRotation: {x: 0, y: 0, z: 0, w: 1}
  m_LocalPosition: {x: 0, y: 0, z: 0}
  m_LocalScale: {x: 1, y: 1, z: 1}
  m_Children: []
  m_Father: {fileID: 0}
  m_RootOrder: 0
  m_LocalEulerAnglesHint: {x: 0, y: 0, z: 0}
  m_AnchorMin: {x: 0.5, y: 0.5}
  m_AnchorMax: {x: 0.5, y: 0.5}
  m_AnchoredPosition: {x: 0, y: 0}
  m_SizeDelta: {x: 200, y: 170}
  m_Pivot: {x: 0.5, y: 0.5}
--- !u!222 &4337506434730850335
CanvasRenderer:
  m_ObjectHideFlags: 0
  m_CorrespondingSourceObject: {fileID: 0}
  m_PrefabInstance: {fileID: 0}
  m_PrefabAsset: {fileID: 0}
  m_GameObject: {fileID: 4337506434730850338}
  m_CullTransparentMesh: 0
--- !u!114 &4337506434730850334
MonoBehaviour:
  m_ObjectHideFlags: 0
  m_CorrespondingSourceObject: {fileID: 0}
  m_PrefabInstance: {fileID: 0}
  m_PrefabAsset: {fileID: 0}
  m_GameObject: {fileID: 4337506434730850338}
  m_Enabled: 1
  m_EditorHideFlags: 0
  m_Script: {fileID: -765806418, guid: f70555f144d8491a825f0804e09c671c, type: 3}
  m_Name: 
  m_EditorClassIdentifier: 
  m_Material: {fileID: 0}
  m_Color: {r: 1, g: 1, b: 1, a: 1}
  m_RaycastTarget: 1
  m_OnCullStateChanged:
    m_PersistentCalls:
      m_Calls: []
    m_TypeName: UnityEngine.UI.MaskableGraphic+CullStateChangedEvent, UnityEngine.UI,
      Version=1.0.0.0, Culture=neutral, PublicKeyToken=null
  m_Sprite: {fileID: 21300000, guid: 0d2d259df92674653a36c80db8200204, type: 3}
  m_Type: 0
  m_PreserveAspect: 0
  m_FillCenter: 1
  m_FillMethod: 4
  m_FillAmount: 1
  m_FillClockwise: 1
  m_FillOrigin: 0
  m_UseSpriteMesh: 0
--- !u!60 &4337506434730850336
PolygonCollider2D:
  m_ObjectHideFlags: 0
  m_CorrespondingSourceObject: {fileID: 0}
  m_PrefabInstance: {fileID: 0}
  m_PrefabAsset: {fileID: 0}
  m_GameObject: {fileID: 4337506434730850338}
  m_Enabled: 1
  m_Density: 1
  m_Material: {fileID: 0}
  m_IsTrigger: 0
  m_UsedByEffector: 0
  m_UsedByComposite: 0
  m_Offset: {x: 0, y: 0}
  m_SpriteTilingProperty:
    border: {x: 0, y: 0, z: 0, w: 0}
    pivot: {x: 0, y: 0}
    oldSize: {x: 0, y: 0}
    newSize: {x: 0, y: 0}
    adaptiveTilingThreshold: 0
    drawMode: 0
    adaptiveTiling: 0
  m_AutoTiling: 0
  m_Points:
    m_Paths:
    - - {x: 0, y: 1}
      - {x: -0.95105654, y: 0.30901697}
      - {x: -0.5877852, y: -0.80901706}
      - {x: -72.0426, y: -6.7757263}
      - {x: -78.51915, y: -11.387482}
      - {x: -70.91058, y: -19.733582}
      - {x: -86.55625, y: -33.196106}
      - {x: -87.68064, y: -45.222748}
      - {x: -95.15137, y: -46.986816}
      - {x: -94.150795, y: -54.27173}
      - {x: -85.226746, y: -47.305786}
      - {x: -79.68915, y: -60.986267}
      - {x: -84.4061, y: -69.18033}
      - {x: -79.23224, y: -76.41237}
      - {x: -69.73753, y: -60.99225}
      - {x: -62.911835, y: -65.48541}
      - {x: -57.299164, y: -60.04309}
      - {x: -77.18232, y: -44.958862}
      - {x: -72.015045, y: -35.56491}
      - {x: -62.27362, y: -43.98352}
      - {x: -48.553345, y: -32.948303}
      - {x: -18.161575, y: -57.30301}
      - {x: -7.84227, y: -29.025574}
      - {x: 2.492813, y: -21.887726}
      - {x: 13.04361, y: -24.021088}
      - {x: 54.66391, y: 5.809784}
      - {x: 54.472748, y: 10.862366}
      - {x: 24.752945, y: -8.032623}
      - {x: 24.798737, y: 0.8585205}
      - {x: 97.4129, y: 62.9093}
      - {x: 93.41766, y: 72.5726}
      - {x: 23.62761, y: 26.300568}
      - {x: 11.898697, y: 12.00766}
      - {x: -8.729889, y: 20.8833}
      - {x: -55.036728, y: -8.371399}
      - {x: -57.425903, y: 5.909363}
      - {x: -49.69217, y: 9.2030945}
      - {x: -51.214767, y: 25.841675}
      - {x: -46.0941, y: 38.542877}
      - {x: -51.807632, y: 53.25}
      - {x: -60.894882, y: 53.369354}
      - {x: -65.3217, y: 66.54443}
      - {x: -53.228302, y: 62.07492}
      - {x: -42.1752, y: 66.51993}
      - {x: 0.9510565, y: 0.30901712}
--- !u!114 &8025435749880028934
MonoBehaviour:
  m_ObjectHideFlags: 0
  m_CorrespondingSourceObject: {fileID: 0}
  m_PrefabInstance: {fileID: 0}
  m_PrefabAsset: {fileID: 0}
  m_GameObject: {fileID: 4337506434730850338}
  m_Enabled: 1
  m_EditorHideFlags: 0
  m_Script: {fileID: 11500000, guid: a7d5cbc4cb3754fc5a904fd8b6013fd9, type: 3}
  m_Name: 
  m_EditorClassIdentifier: 
--- !u!50 &-2696438512190034374
Rigidbody2D:
  serializedVersion: 4
  m_ObjectHideFlags: 0
  m_CorrespondingSourceObject: {fileID: 0}
  m_PrefabInstance: {fileID: 0}
  m_PrefabAsset: {fileID: 0}
  m_GameObject: {fileID: 4337506434730850338}
  m_BodyType: 0
  m_Simulated: 1
  m_UseFullKinematicContacts: 0
  m_UseAutoMass: 0
  m_Mass: 1
  m_LinearDrag: 0
  m_AngularDrag: 0.5
  m_GravityScale: 10
  m_Material: {fileID: 0}
  m_Interpolate: 0
  m_SleepingMode: 1
  m_CollisionDetection: 0
  m_Constraints: 0
